<?xml version="1.0" encoding="UTF-8"?><collection xmlns="http://www.loc.gov/MARC21/slim"><record><leader>00359nam--2200133-i-4500</leader><controlfield tag="001">000011862</controlfield><controlfield tag="002">20161230</controlfield><controlfield tag="005">20161230201029</controlfield><controlfield tag="008">060222s1000------------r-----000-0-eng-d</controlfield><datafield ind1=" " ind2=" " tag="080"><subfield code="a">621.039.9:550.34</subfield></datafield><datafield ind1=" " ind2=" " tag="100"><subfield code="a">Bolt, Bruce A</subfield></datafield><datafield ind1=" " ind2=" " tag="245"><subfield code="a">Nuclear explosions and earthquakes</subfield></datafield><datafield ind1=" " ind2=" " tag="260"><subfield code="a">San Francisco, W.H.Freeman And Company, 1974. Xxi + 309 P</subfield></datafield><datafield ind1=" " ind2=" " tag="852"><subfield code="a">43895</subfield></datafield></record></collection>